
@misc{noauthor_bin_2016,
	title = {Bin {Packing} {Problem} ({Minimize} number of used {Bins})},
	url = {https://www.geeksforgeeks.org/bin-packing-problem-minimize-number-of-used-bins/},
	abstract = {A Computer Science portal for geeks. It contains well written, well thought and well explained computer science and programming articles, quizzes and practice/competitive programming/company interview Questions.},
	language = {en-us},
	urldate = {2022-03-15},
	journal = {GeeksforGeeks},
	month = mar,
	year = {2016},
	note = {Section: Greedy},
	file = {Snapshot:/home/mtrang/Zotero/storage/WA36IU2G/bin-packing-problem-minimize-number-of-used-bins.html:text/html},
}

@book{martello_knapsack_1990,
	address = {Chichester ; New York},
	series = {Wiley-{Interscience} series in discrete mathematics and optimization},
	title = {Knapsack problems: algorithms and computer implementations},
	isbn = {978-0-471-92420-3},
	shorttitle = {Knapsack problems},
	publisher = {J. Wiley \& Sons},
	author = {Martello, Silvano and Toth, Paolo},
	year = {1990},
	keywords = {Algorithms, Computational complexity, Integer programming, Knapsack problem (Mathematics), Linear programming, Mathematical optimization},
	annote = {System requirements for computer disk: IBM PC; FORTRAN},
}
